@inproceedings{ramos2003using,
  title={Using tf-idf to determine word relevance in document queries},
  author={Ramos, Juan and others},
  booktitle={Proceedings of the first instructional conference on machine learning},
  volume={242},
  number={1},
  pages={29--48},
  year={2003},
  organization={Citeseer}
}
@article{newman2005power,
  title={Power laws, Pareto distributions and Zipf's law},
  author={Newman, Mark EJ},
  journal={Contemporary physics},
  volume={46},
  number={5},
  pages={323--351},
  year={2005},
  publisher={Taylor \& Francis}
}
@article{breiman2001random,
  title={Random forests},
  author={Breiman, Leo},
  journal={Machine learning},
  volume={45},
  pages={5--32},
  year={2001},
  publisher={Springer}
}
@article{cawley2010over,
  title={On over-fitting in model selection and subsequent selection bias in performance evaluation},
  author={Cawley, Gavin C and Talbot, Nicola LC},
  journal={The Journal of Machine Learning Research},
  volume={11},
  pages={2079--2107},
  year={2010},
  publisher={JMLR. org}
}
@article{graham2015digital,
  title={Digital divisions of labor and informational magnetism: Mapping participation in Wikipedia},
  author={Graham, Mark and Straumann, Ralph K and Hogan, Bernie},
  journal={Annals of the Association of American Geographers},
  volume={105},
  number={6},
  pages={1158--1178},
  year={2015},
  publisher={Taylor \& Francis}
}
@article{argamon2003gender,
  title={Gender, genre, and writing style in formal written texts},
  author={Argamon, Shlomo and Koppel, Moshe and Fine, Jonathan and Shimoni, Anat Rachel},
  journal={Text \& talk},
  volume={23},
  number={3},
  pages={321--346},
  year={2003},
  publisher={De Gruyter Berlin, Germany}
}
@inproceedings{rennie2003tackling,
  title={Tackling the poor assumptions of naive bayes text classifiers},
  author={Rennie, Jason D and Shih, Lawrence and Teevan, Jaime and Karger, David R},
  booktitle={Proceedings of the 20th international conference on machine learning (ICML-03)},
  pages={616--623},
  year={2003}
}
@inproceedings{ho1995random,
  title={Random decision forests},
  author={Ho, Tin Kam},
  booktitle={Proceedings of 3rd international conference on document analysis and recognition},
  volume={1},
  pages={278--282},
  year={1995},
  organization={IEEE}
}
@inproceedings{chen2016xgboost,
  title={Xgboost: A scalable tree boosting system},
  author={Chen, Tianqi and Guestrin, Carlos},
  booktitle={Proceedings of the 22nd acm sigkdd international conference on knowledge discovery and data mining},
  pages={785--794},
  year={2016}
}
@book{bishop2006pattern,
  title={Pattern recognition and machine learning},
  author={Bishop, Christopher M and Nasrabadi, Nasser M},
  volume={4},
  number={4},
  year={2006},
  publisher={Springer}
}
@book{brodie2016common,
  title={A Common Misconception in Multi-Label Learning},
  author={Brodie, Michael Benjamin},
  year={2016},
  publisher={Brigham Young University}
}
@inproceedings{le2014distributed,
  title={Distributed representations of sentences and documents},
  author={Le, Quoc and Mikolov, Tomas},
  booktitle={International conference on machine learning},
  pages={1188--1196},
  year={2014},
  organization={PMLR}
}